%YAML 1.1
%TAG !u! tag:unity3d.com,2011:
--- !u!29 &1
SceneSettings:
  m_ObjectHideFlags: 0
  m_PVSData: 
  m_PVSObjectsArray: []
  m_PVSPortalsArray: []
  m_OcclusionBakeSettings:
    smallestOccluder: 5
    smallestHole: .25
    backfaceThreshold: 100
--- !u!104 &2
RenderSettings:
  m_Fog: 0
  m_FogColor: {r: .5, g: .5, b: .5, a: 1}
  m_FogMode: 3
  m_FogDensity: .00999999978
  m_LinearFogStart: 0
  m_LinearFogEnd: 300
  m_AmbientLight: {r: .200000003, g: .200000003, b: .200000003, a: 1}
  m_SkyboxMaterial: {fileID: 0}
  m_HaloStrength: .5
  m_FlareStrength: 1
  m_FlareFadeSpeed: 3
  m_HaloTexture: {fileID: 0}
  m_SpotCookie: {fileID: 0}
  m_ObjectHideFlags: 0
--- !u!127 &3
LevelGameManager:
  m_ObjectHideFlags: 0
--- !u!157 &4
LightmapSettings:
  m_ObjectHideFlags: 0
  m_LightProbes: {fileID: 0}
  m_Lightmaps: []
  m_LightmapsMode: 1
  m_BakedColorSpace: 0
  m_UseDualLightmapsInForward: 0
  m_LightmapEditorSettings:
    m_Resolution: 50
    m_LastUsedResolution: 0
    m_TextureWidth: 1024
    m_TextureHeight: 1024
    m_BounceBoost: 1
    m_BounceIntensity: 1
    m_SkyLightColor: {r: .860000014, g: .930000007, b: 1, a: 1}
    m_SkyLightIntensity: 0
    m_Quality: 0
    m_Bounces: 1
    m_FinalGatherRays: 1000
    m_FinalGatherContrastThreshold: .0500000007
    m_FinalGatherGradientThreshold: 0
    m_FinalGatherInterpolationPoints: 15
    m_AOAmount: 0
    m_AOMaxDistance: .100000001
    m_AOContrast: 1
    m_LODSurfaceMappingDistance: 1
    m_Padding: 0
    m_TextureCompression: 0
    m_LockAtlas: 0
--- !u!196 &5
NavMeshSettings:
  m_ObjectHideFlags: 0
  m_BuildSettings:
    agentRadius: .5
    agentHeight: 2
    agentSlope: 45
    agentClimb: .400000006
    ledgeDropHeight: 0
    maxJumpAcrossDistance: 0
    accuratePlacement: 0
    minRegionArea: 2
    widthInaccuracy: 16.666666
    heightInaccuracy: 10
  m_NavMesh: {fileID: 0}
--- !u!1 &229277425
GameObject:
  m_ObjectHideFlags: 0
  m_PrefabParentObject: {fileID: 0}
  m_PrefabInternal: {fileID: 0}
  serializedVersion: 4
  m_Component:
  - 4: {fileID: 229277427}
  - 108: {fileID: 229277426}
  m_Layer: 0
  m_Name: Point light
  m_TagString: Untagged
  m_Icon: {fileID: 0}
  m_NavMeshLayer: 0
  m_StaticEditorFlags: 0
  m_IsActive: 1
--- !u!108 &229277426
Light:
  m_ObjectHideFlags: 0
  m_PrefabParentObject: {fileID: 0}
  m_PrefabInternal: {fileID: 0}
  m_GameObject: {fileID: 229277425}
  m_Enabled: 1
  serializedVersion: 3
  m_Type: 2
  m_Color: {r: 1, g: 1, b: 1, a: 1}
  m_Intensity: 1
  m_Range: 10
  m_SpotAngle: 30
  m_CookieSize: 10
  m_Shadows:
    m_Type: 0
    m_Resolution: -1
    m_Strength: 1
    m_Bias: .0500000007
    m_Softness: 4
    m_SoftnessFade: 1
  m_Cookie: {fileID: 0}
  m_DrawHalo: 0
  m_ActuallyLightmapped: 0
  m_Flare: {fileID: 0}
  m_RenderMode: 0
  m_CullingMask:
    serializedVersion: 2
    m_Bits: 4294967295
  m_Lightmapping: 1
  m_ShadowSamples: 1
  m_ShadowRadius: 0
  m_ShadowAngle: 0
  m_IndirectIntensity: 1
  m_AreaSize: {x: 1, y: 1}
--- !u!4 &229277427
Transform:
  m_ObjectHideFlags: 0
  m_PrefabParentObject: {fileID: 0}
  m_PrefabInternal: {fileID: 0}
  m_GameObject: {fileID: 229277425}
  m_LocalRotation: {x: 0, y: 0, z: 0, w: 1}
  m_LocalPosition: {x: -7.19543362, y: 3.01677179, z: -12.2602386}
  m_LocalScale: {x: 1, y: 1, z: 1}
  m_Children: []
  m_Father: {fileID: 0}
  m_RootOrder: 3
--- !u!1001 &518041712
Prefab:
  m_ObjectHideFlags: 0
  serializedVersion: 2
  m_Modification:
    m_TransformParent: {fileID: 0}
    m_Modifications:
    - target: {fileID: 400008, guid: b382c52e42840a94d81d1e131c9f366b, type: 3}
      propertyPath: m_LocalPosition.x
      value: -5.88044548
      objectReference: {fileID: 0}
    - target: {fileID: 400008, guid: b382c52e42840a94d81d1e131c9f366b, type: 3}
      propertyPath: m_LocalPosition.y
      value: -3.12029362
      objectReference: {fileID: 0}
    - target: {fileID: 400008, guid: b382c52e42840a94d81d1e131c9f366b, type: 3}
      propertyPath: m_LocalPosition.z
      value: -6.21541882
      objectReference: {fileID: 0}
    - target: {fileID: 400008, guid: b382c52e42840a94d81d1e131c9f366b, type: 3}
      propertyPath: m_LocalRotation.x
      value: 0
      objectReference: {fileID: 0}
    - target: {fileID: 400008, guid: b382c52e42840a94d81d1e131c9f366b, type: 3}
      propertyPath: m_LocalRotation.y
      value: 0
      objectReference: {fileID: 0}
    - target: {fileID: 400008, guid: b382c52e42840a94d81d1e131c9f366b, type: 3}
      propertyPath: m_LocalRotation.z
      value: 0
      objectReference: {fileID: 0}
    - target: {fileID: 400008, guid: b382c52e42840a94d81d1e131c9f366b, type: 3}
      propertyPath: m_LocalRotation.w
      value: 1
      objectReference: {fileID: 0}
    - target: {fileID: 400008, guid: b382c52e42840a94d81d1e131c9f366b, type: 3}
      propertyPath: m_RootMapOrder
      value: 
      objectReference: {fileID: 0}
    - target: {fileID: 13700002, guid: b382c52e42840a94d81d1e131c9f366b, type: 3}
      propertyPath: m_Materials.Array.data[0]
      value: 
      objectReference: {fileID: 2100000, guid: 870026bbcd2949c4da5dbd282b5a64f0, type: 2}
    - target: {fileID: 13700000, guid: b382c52e42840a94d81d1e131c9f366b, type: 3}
      propertyPath: m_Materials.Array.data[0]
      value: 
      objectReference: {fileID: 2100000, guid: 870026bbcd2949c4da5dbd282b5a64f0, type: 2}
    - target: {fileID: 13700004, guid: b382c52e42840a94d81d1e131c9f366b, type: 3}
      propertyPath: m_Materials.Array.data[0]
      value: 
      objectReference: {fileID: 2100000, guid: 870026bbcd2949c4da5dbd282b5a64f0, type: 2}
    m_RemovedComponents: []
  m_ParentPrefab: {fileID: 100100000, guid: b382c52e42840a94d81d1e131c9f366b, type: 3}
  m_RootGameObject: {fileID: 2112689164}
  m_IsPrefabParent: 0
  m_IsExploded: 1
--- !u!1 &603113685
GameObject:
  m_ObjectHideFlags: 0
  m_PrefabParentObject: {fileID: 100018, guid: b382c52e42840a94d81d1e131c9f366b, type: 3}
  m_PrefabInternal: {fileID: 518041712}
  serializedVersion: 4
  m_Component:
  - 4: {fileID: 603113688}
  - 33: {fileID: 603113687}
  - 23: {fileID: 603113686}
  m_Layer: 0
  m_Name: Plane_003
  m_TagString: Untagged
  m_Icon: {fileID: 0}
  m_NavMeshLayer: 0
  m_StaticEditorFlags: 0
  m_IsActive: 1
--- !u!23 &603113686
Renderer:
  m_ObjectHideFlags: 0
  m_PrefabParentObject: {fileID: 2300004, guid: b382c52e42840a94d81d1e131c9f366b,
    type: 3}
  m_PrefabInternal: {fileID: 518041712}
  m_GameObject: {fileID: 603113685}
  m_Enabled: 1
  m_CastShadows: 1
  m_ReceiveShadows: 1
  m_LightmapIndex: 255
  m_LightmapTilingOffset: {x: 1, y: 1, z: 0, w: 0}
  m_Materials:
  - {fileID: 10302, guid: 0000000000000000f000000000000000, type: 0}
  m_SubsetIndices: 
  m_StaticBatchRoot: {fileID: 0}
  m_UseLightProbes: 0
  m_LightProbeAnchor: {fileID: 0}
  m_ScaleInLightmap: 1
  m_SortingLayerID: 0
  m_SortingOrder: 0
--- !u!33 &603113687
MeshFilter:
  m_ObjectHideFlags: 0
  m_PrefabParentObject: {fileID: 3300004, guid: b382c52e42840a94d81d1e131c9f366b,
    type: 3}
  m_PrefabInternal: {fileID: 518041712}
  m_GameObject: {fileID: 603113685}
  m_Mesh: {fileID: 4300008, guid: b382c52e42840a94d81d1e131c9f366b, type: 3}
--- !u!4 &603113688
Transform:
  m_ObjectHideFlags: 0
  m_PrefabParentObject: {fileID: 400018, guid: b382c52e42840a94d81d1e131c9f366b, type: 3}
  m_PrefabInternal: {fileID: 518041712}
  m_GameObject: {fileID: 603113685}
  m_LocalRotation: {x: -.707106888, y: 0, z: -0, w: .707106769}
  m_LocalPosition: {x: -7.15253305, y: 4.53017378, z: 6.66349459}
  m_LocalScale: {x: 1, y: 1, z: 1}
  m_Children: []
  m_Father: {fileID: 2112689165}
  m_RootOrder: 4
--- !u!1 &750177222
GameObject:
  m_ObjectHideFlags: 0
  m_PrefabParentObject: {fileID: 100016, guid: b382c52e42840a94d81d1e131c9f366b, type: 3}
  m_PrefabInternal: {fileID: 518041712}
  serializedVersion: 4
  m_Component:
  - 4: {fileID: 750177223}
  - 137: {fileID: 750177224}
  m_Layer: 0
  m_Name: Plane_002
  m_TagString: Untagged
  m_Icon: {fileID: 0}
  m_NavMeshLayer: 0
  m_StaticEditorFlags: 0
  m_IsActive: 1
--- !u!4 &750177223
Transform:
  m_ObjectHideFlags: 0
  m_PrefabParentObject: {fileID: 400016, guid: b382c52e42840a94d81d1e131c9f366b, type: 3}
  m_PrefabInternal: {fileID: 518041712}
  m_GameObject: {fileID: 750177222}
  m_LocalRotation: {x: 0, y: 0, z: 1, w: 6.71546616e-07}
  m_LocalPosition: {x: 1, y: 0, z: 0}
  m_LocalScale: {x: 1, y: 1, z: 1}
  m_Children: []
  m_Father: {fileID: 2112689165}
  m_RootOrder: 3
--- !u!137 &750177224
SkinnedMeshRenderer:
  m_ObjectHideFlags: 0
  m_PrefabParentObject: {fileID: 13700002, guid: b382c52e42840a94d81d1e131c9f366b,
    type: 3}
  m_PrefabInternal: {fileID: 518041712}
  m_GameObject: {fileID: 750177222}
  m_Enabled: 1
  m_CastShadows: 1
  m_ReceiveShadows: 1
  m_LightmapIndex: 255
  m_LightmapTilingOffset: {x: 1, y: 1, z: 0, w: 0}
  m_Materials:
  - {fileID: 2100000, guid: 870026bbcd2949c4da5dbd282b5a64f0, type: 2}
  m_SubsetIndices: 
  m_StaticBatchRoot: {fileID: 0}
  m_UseLightProbes: 0
  m_LightProbeAnchor: {fileID: 0}
  m_ScaleInLightmap: 1
  m_SortingLayerID: 0
  m_SortingOrder: 0
  serializedVersion: 2
  m_Quality: 0
  m_UpdateWhenOffscreen: 0
  m_Mesh: {fileID: 4300002, guid: b382c52e42840a94d81d1e131c9f366b, type: 3}
  m_Bones:
  - {fileID: 1721060255}
  - {fileID: 1215090437}
  - {fileID: 1540451406}
  m_BlendShapeWeights: []
  m_RootBone: {fileID: 1540451406}
  m_AABB:
    m_Center: {x: -1.17926335, y: -1, z: -1.31130219e-06}
    m_Extent: {x: 1.17926335, y: 1.00000167, z: 1.00000167}
  m_DirtyAABB: 0
--- !u!1 &1215090436
GameObject:
  m_ObjectHideFlags: 0
  m_PrefabParentObject: {fileID: 100006, guid: b382c52e42840a94d81d1e131c9f366b, type: 3}
  m_PrefabInternal: {fileID: 518041712}
  serializedVersion: 4
  m_Component:
  - 4: {fileID: 1215090437}
  m_Layer: 0
  m_Name: Cube_0
  m_TagString: Untagged
  m_Icon: {fileID: 0}
  m_NavMeshLayer: 0
  m_StaticEditorFlags: 0
  m_IsActive: 1
--- !u!4 &1215090437
Transform:
  m_ObjectHideFlags: 0
  m_PrefabParentObject: {fileID: 400006, guid: b382c52e42840a94d81d1e131c9f366b, type: 3}
  m_PrefabInternal: {fileID: 518041712}
  m_GameObject: {fileID: 1215090436}
  m_LocalRotation: {x: .5, y: .5, z: -.5, w: .5}
  m_LocalPosition: {x: -0, y: 0, z: 1.19361842}
  m_LocalScale: {x: 1, y: 1, z: 1}
  m_Children: []
  m_Father: {fileID: 1622387830}
  m_RootOrder: 2
--- !u!1 &1426443008
GameObject:
  m_ObjectHideFlags: 0
  m_PrefabParentObject: {fileID: 0}
  m_PrefabInternal: {fileID: 0}
  serializedVersion: 4
  m_Component:
  - 4: {fileID: 1426443010}
  - 108: {fileID: 1426443009}
  m_Layer: 0
  m_Name: Point light
  m_TagString: Untagged
  m_Icon: {fileID: 0}
  m_NavMeshLayer: 0
  m_StaticEditorFlags: 0
  m_IsActive: 1
--- !u!108 &1426443009
Light:
  m_ObjectHideFlags: 0
  m_PrefabParentObject: {fileID: 0}
  m_PrefabInternal: {fileID: 0}
  m_GameObject: {fileID: 1426443008}
  m_Enabled: 1
  serializedVersion: 3
  m_Type: 2
  m_Color: {r: 1, g: 1, b: 1, a: 1}
  m_Intensity: 1
  m_Range: 10
  m_SpotAngle: 30
  m_CookieSize: 10
  m_Shadows:
    m_Type: 0
    m_Resolution: -1
    m_Strength: 1
    m_Bias: .0500000007
    m_Softness: 4
    m_SoftnessFade: 1
  m_Cookie: {fileID: 0}
  m_DrawHalo: 0
  m_ActuallyLightmapped: 0
  m_Flare: {fileID: 0}
  m_RenderMode: 0
  m_CullingMask:
    serializedVersion: 2
    m_Bits: 4294967295
  m_Lightmapping: 1
  m_ShadowSamples: 1
  m_ShadowRadius: 0
  m_ShadowAngle: 0
  m_IndirectIntensity: 1
  m_AreaSize: {x: 1, y: 1}
--- !u!4 &1426443010
Transform:
  m_ObjectHideFlags: 0
  m_PrefabParentObject: {fileID: 0}
  m_PrefabInternal: {fileID: 0}
  m_GameObject: {fileID: 1426443008}
  m_LocalRotation: {x: 0, y: 0, z: 0, w: 1}
  m_LocalPosition: {x: -5.56046581, y: .428818226, z: -2.29058123}
  m_LocalScale: {x: 1, y: 1, z: 1}
  m_Children: []
  m_Father: {fileID: 0}
  m_RootOrder: 2
--- !u!1 &1540451405
GameObject:
  m_ObjectHideFlags: 0
  m_PrefabParentObject: {fileID: 100020, guid: b382c52e42840a94d81d1e131c9f366b, type: 3}
  m_PrefabInternal: {fileID: 518041712}
  serializedVersion: 4
  m_Component:
  - 4: {fileID: 1540451406}
  m_Layer: 0
  m_Name: 3
  m_TagString: Untagged
  m_Icon: {fileID: 0}
  m_NavMeshLayer: 0
  m_StaticEditorFlags: 0
  m_IsActive: 1
--- !u!4 &1540451406
Transform:
  m_ObjectHideFlags: 0
  m_PrefabParentObject: {fileID: 400020, guid: b382c52e42840a94d81d1e131c9f366b, type: 3}
  m_PrefabInternal: {fileID: 518041712}
  m_GameObject: {fileID: 1540451405}
  m_LocalRotation: {x: .5, y: .5, z: -.5, w: .5}
  m_LocalPosition: {x: 1, y: 0, z: 0}
  m_LocalScale: {x: 1, y: 1, z: 1}
  m_Children: []
  m_Father: {fileID: 1622387830}
  m_RootOrder: 0
--- !u!1 &1545834450
GameObject:
  m_ObjectHideFlags: 0
  m_PrefabParentObject: {fileID: 0}
  m_PrefabInternal: {fileID: 0}
  serializedVersion: 4
  m_Component:
  - 4: {fileID: 1545834455}
  - 20: {fileID: 1545834454}
  - 92: {fileID: 1545834453}
  - 124: {fileID: 1545834452}
  - 81: {fileID: 1545834451}
  - 114: {fileID: 1545834457}
  - 114: {fileID: 1545834456}
  - 114: {fileID: 1545834458}
  - 114: {fileID: 1545834459}
  - 82: {fileID: 1545834460}
  - 82: {fileID: 1545834461}
  m_Layer: 0
  m_Name: Main Camera
  m_TagString: MainCamera
  m_Icon: {fileID: 0}
  m_NavMeshLayer: 0
  m_StaticEditorFlags: 0
  m_IsActive: 1
--- !u!81 &1545834451
AudioListener:
  m_ObjectHideFlags: 0
  m_PrefabParentObject: {fileID: 0}
  m_PrefabInternal: {fileID: 0}
  m_GameObject: {fileID: 1545834450}
  m_Enabled: 1
--- !u!124 &1545834452
Behaviour:
  m_ObjectHideFlags: 0
  m_PrefabParentObject: {fileID: 0}
  m_PrefabInternal: {fileID: 0}
  m_GameObject: {fileID: 1545834450}
  m_Enabled: 1
--- !u!92 &1545834453
Behaviour:
  m_ObjectHideFlags: 0
  m_PrefabParentObject: {fileID: 0}
  m_PrefabInternal: {fileID: 0}
  m_GameObject: {fileID: 1545834450}
  m_Enabled: 1
--- !u!20 &1545834454
Camera:
  m_ObjectHideFlags: 0
  m_PrefabParentObject: {fileID: 0}
  m_PrefabInternal: {fileID: 0}
  m_GameObject: {fileID: 1545834450}
  m_Enabled: 1
  serializedVersion: 2
  m_ClearFlags: 1
  m_BackGroundColor: {r: 0, g: 0, b: 0, a: .0196078438}
  m_NormalizedViewPortRect:
    serializedVersion: 2
    x: 0
    y: 0
    width: 1
    height: 1
  near clip plane: .300000012
  far clip plane: 1329.18994
  field of view: 60
  orthographic: 1
  orthographic size: 3.5
  m_Depth: -1
  m_CullingMask:
    serializedVersion: 2
    m_Bits: 4294967295
  m_RenderingPath: -1
  m_TargetTexture: {fileID: 0}
  m_TargetDisplay: 0
  m_HDR: 0
  m_OcclusionCulling: 1
  m_StereoConvergence: 10
  m_StereoSeparation: .0219999999
--- !u!4 &1545834455
Transform:
  m_ObjectHideFlags: 0
  m_PrefabParentObject: {fileID: 0}
  m_PrefabInternal: {fileID: 0}
  m_GameObject: {fileID: 1545834450}
  m_LocalRotation: {x: .0628422946, y: .906052709, z: -.141674414, w: .393761128}
  m_LocalPosition: {x: -13.1728983, y: 2.29714537, z: -.119892627}
  m_LocalScale: {x: 1, y: 1, z: 1}
  m_Children: []
  m_Father: {fileID: 0}
  m_RootOrder: 1
--- !u!114 &1545834456
MonoBehaviour:
  m_ObjectHideFlags: 0
  m_PrefabParentObject: {fileID: 0}
  m_PrefabInternal: {fileID: 0}
  m_GameObject: {fileID: 1545834450}
  m_Enabled: 1
  m_EditorHideFlags: 0
  m_Script: {fileID: 11500000, guid: 130529e8d6925ed4a9445b8610fd0280, type: 3}
  m_Name: 
  m_EditorClassIdentifier: 
--- !u!114 &1545834457
MonoBehaviour:
  m_ObjectHideFlags: 0
  m_PrefabParentObject: {fileID: 0}
  m_PrefabInternal: {fileID: 0}
  m_GameObject: {fileID: 1545834450}
  m_Enabled: 1
  m_EditorHideFlags: 0
  m_Script: {fileID: 11500000, guid: 0aa260851f97ab947bbe731eced65ef7, type: 3}
  m_Name: 
  m_EditorClassIdentifier: 
--- !u!114 &1545834458
MonoBehaviour:
  m_ObjectHideFlags: 0
  m_PrefabParentObject: {fileID: 0}
  m_PrefabInternal: {fileID: 0}
  m_GameObject: {fileID: 1545834450}
  m_Enabled: 1
  m_EditorHideFlags: 0
  m_Script: {fileID: 11500000, guid: 85827f49ed8e68e4892d85a1b8e7c346, type: 3}
  m_Name: 
  m_EditorClassIdentifier: 
--- !u!114 &1545834459
MonoBehaviour:
  m_ObjectHideFlags: 0
  m_PrefabParentObject: {fileID: 0}
  m_PrefabInternal: {fileID: 0}
  m_GameObject: {fileID: 1545834450}
  m_Enabled: 1
  m_EditorHideFlags: 0
  m_Script: {fileID: 11500000, guid: 8c0d5bba9b74e70438c91ebd0ad01543, type: 3}
  m_Name: 
  m_EditorClassIdentifier: 
  fadeOutTexture: {fileID: 2800000, guid: b9b92575e1e20654795d2063febe7573, type: 3}
  fadeSpeed: .300000012
  delay: 8.69999981
  drawDepth: -1000
--- !u!82 &1545834460
AudioSource:
  m_ObjectHideFlags: 0
  m_PrefabParentObject: {fileID: 0}
  m_PrefabInternal: {fileID: 0}
  m_GameObject: {fileID: 1545834450}
  m_Enabled: 1
  serializedVersion: 3
  m_audioClip: {fileID: 8300000, guid: 2d1ab0f268ded524da5f59269f1ee0a0, type: 3}
  m_PlayOnAwake: 1
  m_Volume: .263000011
  m_Pitch: 1
  Loop: 0
  Mute: 0
  Priority: 128
  DopplerLevel: 1
  MinDistance: 1
  MaxDistance: 500
  Pan2D: 0
  rolloffMode: 0
  BypassEffects: 0
  BypassListenerEffects: 0
  BypassReverbZones: 0
  rolloffCustomCurve:
    serializedVersion: 2
    m_Curve:
    - time: 0
      value: 1
      inSlope: 0
      outSlope: 0
      tangentMode: 0
    - time: 1
      value: 0
      inSlope: 0
      outSlope: 0
      tangentMode: 0
    m_PreInfinity: 2
    m_PostInfinity: 2
  panLevelCustomCurve:
    serializedVersion: 2
    m_Curve:
    - time: 0
      value: 1
      inSlope: 0
      outSlope: 0
      tangentMode: 0
    m_PreInfinity: 2
    m_PostInfinity: 2
  spreadCustomCurve:
    serializedVersion: 2
    m_Curve:
    - time: 0
      value: 0
      inSlope: 0
      outSlope: 0
      tangentMode: 0
    m_PreInfinity: 2
    m_PostInfinity: 2
--- !u!82 &1545834461
AudioSource:
  m_ObjectHideFlags: 0
  m_PrefabParentObject: {fileID: 0}
  m_PrefabInternal: {fileID: 0}
  m_GameObject: {fileID: 1545834450}
  m_Enabled: 1
  serializedVersion: 3
  m_audioClip: {fileID: 8300000, guid: 3075ddecdb112864f89c54cb29e61eab, type: 3}
  m_PlayOnAwake: 1
  m_Volume: .165999994
  m_Pitch: 1
  Loop: 0
  Mute: 0
  Priority: 128
  DopplerLevel: 1
  MinDistance: 1
  MaxDistance: 500
  Pan2D: 0
  rolloffMode: 0
  BypassEffects: 0
  BypassListenerEffects: 0
  BypassReverbZones: 0
  rolloffCustomCurve:
    serializedVersion: 2
    m_Curve:
    - time: 0
      value: 1
      inSlope: 0
      outSlope: 0
      tangentMode: 0
    - time: 1
      value: 0
      inSlope: 0
      outSlope: 0
      tangentMode: 0
    m_PreInfinity: 2
    m_PostInfinity: 2
  panLevelCustomCurve:
    serializedVersion: 2
    m_Curve:
    - time: 0
      value: 1
      inSlope: 0
      outSlope: 0
      tangentMode: 0
    m_PreInfinity: 2
    m_PostInfinity: 2
  spreadCustomCurve:
    serializedVersion: 2
    m_Curve:
    - time: 0
      value: 0
      inSlope: 0
      outSlope: 0
      tangentMode: 0
    m_PreInfinity: 2
    m_PostInfinity: 2
--- !u!1 &1622387829
GameObject:
  m_ObjectHideFlags: 0
  m_PrefabParentObject: {fileID: 100010, guid: b382c52e42840a94d81d1e131c9f366b, type: 3}
  m_PrefabInternal: {fileID: 518041712}
  serializedVersion: 4
  m_Component:
  - 4: {fileID: 1622387830}
  m_Layer: 0
  m_Name: LogoSkel
  m_TagString: Untagged
  m_Icon: {fileID: 0}
  m_NavMeshLayer: 0
  m_StaticEditorFlags: 0
  m_IsActive: 1
--- !u!4 &1622387830
Transform:
  m_ObjectHideFlags: 0
  m_PrefabParentObject: {fileID: 400010, guid: b382c52e42840a94d81d1e131c9f366b, type: 3}
  m_PrefabInternal: {fileID: 518041712}
  m_GameObject: {fileID: 1622387829}
  m_LocalRotation: {x: -.707106888, y: 0, z: -0, w: .707106769}
  m_LocalPosition: {x: 0, y: 0, z: 0}
  m_LocalScale: {x: 1, y: 1, z: 1}
  m_Children:
  - {fileID: 1540451406}
  - {fileID: 1721060255}
  - {fileID: 1215090437}
  m_Father: {fileID: 2112689165}
  m_RootOrder: 1
--- !u!1 &1721060254
GameObject:
  m_ObjectHideFlags: 0
  m_PrefabParentObject: {fileID: 100000, guid: b382c52e42840a94d81d1e131c9f366b, type: 3}
  m_PrefabInternal: {fileID: 518041712}
  serializedVersion: 4
  m_Component:
  - 4: {fileID: 1721060255}
  m_Layer: 0
  m_Name: C
  m_TagString: Untagged
  m_Icon: {fileID: 0}
  m_NavMeshLayer: 0
  m_StaticEditorFlags: 0
  m_IsActive: 1
--- !u!4 &1721060255
Transform:
  m_ObjectHideFlags: 0
  m_PrefabParentObject: {fileID: 400000, guid: b382c52e42840a94d81d1e131c9f366b, type: 3}
  m_PrefabInternal: {fileID: 518041712}
  m_GameObject: {fileID: 1721060254}
  m_LocalRotation: {x: .5, y: .5, z: -.5, w: .5}
  m_LocalPosition: {x: -0, y: 0, z: 0}
  m_LocalScale: {x: 1, y: 1, z: 1}
  m_Children: []
  m_Father: {fileID: 1622387830}
  m_RootOrder: 1
--- !u!1 &1788990460
GameObject:
  m_ObjectHideFlags: 0
  m_PrefabParentObject: {fileID: 100014, guid: b382c52e42840a94d81d1e131c9f366b, type: 3}
  m_PrefabInternal: {fileID: 518041712}
  serializedVersion: 4
  m_Component:
  - 4: {fileID: 1788990461}
  - 137: {fileID: 1788990462}
  m_Layer: 0
  m_Name: Plane_001
  m_TagString: Untagged
  m_Icon: {fileID: 0}
  m_NavMeshLayer: 0
  m_StaticEditorFlags: 0
  m_IsActive: 1
--- !u!4 &1788990461
Transform:
  m_ObjectHideFlags: 0
  m_PrefabParentObject: {fileID: 400014, guid: b382c52e42840a94d81d1e131c9f366b, type: 3}
  m_PrefabInternal: {fileID: 518041712}
  m_GameObject: {fileID: 1788990460}
  m_LocalRotation: {x: 0, y: -0, z: 0, w: 1}
  m_LocalPosition: {x: 0, y: 0, z: 0}
  m_LocalScale: {x: 1, y: 1, z: 1}
  m_Children: []
  m_Father: {fileID: 2112689165}
  m_RootOrder: 2
--- !u!137 &1788990462
SkinnedMeshRenderer:
  m_ObjectHideFlags: 0
  m_PrefabParentObject: {fileID: 13700004, guid: b382c52e42840a94d81d1e131c9f366b,
    type: 3}
  m_PrefabInternal: {fileID: 518041712}
  m_GameObject: {fileID: 1788990460}
  m_Enabled: 1
  m_CastShadows: 1
  m_ReceiveShadows: 1
  m_LightmapIndex: 255
  m_LightmapTilingOffset: {x: 1, y: 1, z: 0, w: 0}
  m_Materials:
  - {fileID: 2100000, guid: 870026bbcd2949c4da5dbd282b5a64f0, type: 2}
  m_SubsetIndices: 
  m_StaticBatchRoot: {fileID: 0}
  m_UseLightProbes: 0
  m_LightProbeAnchor: {fileID: 0}
  m_ScaleInLightmap: 1
  m_SortingLayerID: 0
  m_SortingOrder: 0
  serializedVersion: 2
  m_Quality: 0
  m_UpdateWhenOffscreen: 0
  m_Mesh: {fileID: 4300004, guid: b382c52e42840a94d81d1e131c9f366b, type: 3}
  m_Bones:
  - {fileID: 1721060255}
  - {fileID: 1215090437}
  - {fileID: 1540451406}
  m_BlendShapeWeights: []
  m_RootBone: {fileID: 1540451406}
  m_AABB:
    m_Center: {x: -1.1920929e-07, y: -.129087448, z: .4729563}
    m_Extent: {x: 2.35852671, y: 2.2851131, z: 1.88715518}
  m_DirtyAABB: 0
--- !u!1 &1978374427
GameObject:
  m_ObjectHideFlags: 0
  m_PrefabParentObject: {fileID: 100004, guid: b382c52e42840a94d81d1e131c9f366b, type: 3}
  m_PrefabInternal: {fileID: 518041712}
  serializedVersion: 4
  m_Component:
  - 4: {fileID: 1978374428}
  - 137: {fileID: 1978374429}
  m_Layer: 0
  m_Name: Cube
  m_TagString: Untagged
  m_Icon: {fileID: 0}
  m_NavMeshLayer: 0
  m_StaticEditorFlags: 0
  m_IsActive: 1
--- !u!4 &1978374428
Transform:
  m_ObjectHideFlags: 0
  m_PrefabParentObject: {fileID: 400004, guid: b382c52e42840a94d81d1e131c9f366b, type: 3}
  m_PrefabInternal: {fileID: 518041712}
  m_GameObject: {fileID: 1978374427}
  m_LocalRotation: {x: 0, y: -0, z: 0, w: 1}
  m_LocalPosition: {x: 0, y: 7.00000013e-15, z: 1.19361842}
  m_LocalScale: {x: 1, y: 1, z: 1}
  m_Children: []
  m_Father: {fileID: 2112689165}
  m_RootOrder: 0
--- !u!137 &1978374429
SkinnedMeshRenderer:
  m_ObjectHideFlags: 0
  m_PrefabParentObject: {fileID: 13700000, guid: b382c52e42840a94d81d1e131c9f366b,
    type: 3}
  m_PrefabInternal: {fileID: 518041712}
  m_GameObject: {fileID: 1978374427}
  m_Enabled: 1
  m_CastShadows: 1
  m_ReceiveShadows: 1
  m_LightmapIndex: 255
  m_LightmapTilingOffset: {x: 1, y: 1, z: 0, w: 0}
  m_Materials:
  - {fileID: 2100000, guid: 870026bbcd2949c4da5dbd282b5a64f0, type: 2}
  m_SubsetIndices: 
  m_StaticBatchRoot: {fileID: 0}
  m_UseLightProbes: 0
  m_LightProbeAnchor: {fileID: 0}
  m_ScaleInLightmap: 1
  m_SortingLayerID: 0
  m_SortingOrder: 0
  serializedVersion: 2
  m_Quality: 0
  m_UpdateWhenOffscreen: 0
  m_Mesh: {fileID: 4300000, guid: b382c52e42840a94d81d1e131c9f366b, type: 3}
  m_Bones:
  - {fileID: 1721060255}
  - {fileID: 1215090437}
  - {fileID: 1540451406}
  m_BlendShapeWeights: []
  m_RootBone: {fileID: 1540451406}
  m_AABB:
    m_Center: {x: -.516113997, y: -.501759052, z: 1.31130219e-06}
    m_Extent: {x: 1.68112159, y: 1.50185919, z: 1.00361836}
  m_DirtyAABB: 0
--- !u!1 &2112689164
GameObject:
  m_ObjectHideFlags: 0
  m_PrefabParentObject: {fileID: 100008, guid: b382c52e42840a94d81d1e131c9f366b, type: 3}
  m_PrefabInternal: {fileID: 518041712}
  serializedVersion: 4
  m_Component:
  - 4: {fileID: 2112689165}
  - 111: {fileID: 2112689166}
  m_Layer: 0
  m_Name: LogoIntro
  m_TagString: Untagged
  m_Icon: {fileID: 0}
  m_NavMeshLayer: 0
  m_StaticEditorFlags: 0
  m_IsActive: 1
--- !u!4 &2112689165
Transform:
  m_ObjectHideFlags: 0
  m_PrefabParentObject: {fileID: 400008, guid: b382c52e42840a94d81d1e131c9f366b, type: 3}
  m_PrefabInternal: {fileID: 518041712}
  m_GameObject: {fileID: 2112689164}
  m_LocalRotation: {x: 0, y: 0, z: 0, w: 1}
  m_LocalPosition: {x: -5.88044548, y: -3.12029362, z: -6.21541882}
  m_LocalScale: {x: 1, y: 1, z: 1}
  m_Children:
  - {fileID: 1978374428}
  - {fileID: 1622387830}
  - {fileID: 1788990461}
  - {fileID: 750177223}
  - {fileID: 603113688}
  m_Father: {fileID: 0}
  m_RootOrder: 0
--- !u!111 &2112689166
Animation:
  m_ObjectHideFlags: 0
  m_PrefabParentObject: {fileID: 11100000, guid: b382c52e42840a94d81d1e131c9f366b,
    type: 3}
  m_PrefabInternal: {fileID: 518041712}
  m_GameObject: {fileID: 2112689164}
  m_Enabled: 1
  serializedVersion: 3
  m_Animation: {fileID: 7400002, guid: b382c52e42840a94d81d1e131c9f366b, type: 3}
  m_Animations:
  - {fileID: 7400000, guid: b382c52e42840a94d81d1e131c9f366b, type: 3}
  - {fileID: 7400002, guid: b382c52e42840a94d81d1e131c9f366b, type: 3}
  m_WrapMode: 0
  m_PlayAutomatically: 1
  m_AnimatePhysics: 0
  m_CullingType: 1
